@book{kaiser2008c,
  title={C/C++: Von den Grundlagen zur professionellen Programmierung},
  author={Kaiser, U. and Kecher, C.},
  isbn={9783898428392},
  series={Galileo Computing},
  url={https://books.google.de/books?id=ge92PQAACAAJ},
  year={2008},
  publisher={Galileo Press}
}
