@book{teorey2011database,
  title={Database Modeling and Design: Logical Design},
  author={Teorey, T.J. and Lightstone, S. and Nadeau, T. and Jagadish, H.V.},
  isbn={9780123820204},
  lccn={2010049921},
  series={Morgan Kaufmann series in data management systems},
  url={https://books.google.de/books?id=Kd7r2D4hkGUC},
  year={2011},
  publisher={Morgan Kaufmann}
}
