@online{db_ranking,
  title={DB-Engines Ranking of Relational DBMS},
  url={http://db-engines.com/en/ranking/relational+dbms},
  year={2016},
  month={11},
  author={solidIT consulting \& software development gmbh}
}
