@online{Dokumentenorientierte_Datenbank,
  title={Dokumentenorientierte Datenbank},
  year={2016},
  month={11},
  organization={Technische Hochschule KÃ¶ln, Campus Gummersbach},
  url={http://lwibs01.gm.fh-koeln.de/wikis/wiki_db/index.php?n=Datenbanken.DokumentenorientierteDatenbank},
}
