@online{scrum_talk,
  title={Fragile development},
  titleaddon={Why Scrum sucks, and what you should be doing instead},
  year={2016},
  month={8},
  organization={Free and Open Source Software Conference (FrOSCon) e.V.},
  author={Florian Haas},
  url={https://media.ccc.de/v/froscon2016-1722-fragile_development},
}
