@book{sumathi2007fundamentals,
  title={Fundamentals of Relational Database Management Systems},
  author={Sumathi, S. and Esakkirajan, S.},
  isbn={9783540483977},
  lccn={2006935984},
  series={Studies in Computational Intelligence},
  url={https://books.google.de/books?id=RjnNA0GW0wsC},
  year={2007},
  publisher={Springer Berlin Heidelberg}
}
