@online{Hadoop_related_projects,
  title={Welcome to Apache Hadoop!},
  year={2016},
  month={12},
  organization={Apache Forrest},
  author={Apache Forrest},
  url={http://hadoop.apache.org/},
}
