# http://dig.cs.illinois.edu/papers/JSME_API_Evolution.pdf
@article{HowDoAPIsEvolve,
 author = {Dig, Danny and Johnson, Ralph},
 title = {How Do APIs Evolve\&Quest; A Story of Refactoring: Research Articles},
 journal = {J. Softw. Maint. Evol.},
 issue_date = {March 2006},
 volume = {18},
 number = {2},
 month = mar,
 year = {2006},
 issn = {1532-060X},
 pages = {83--107},
 numpages = {25},
 url = {http://dx.doi.org/10.1002/smr.v18:2},
 doi = {10.1002/smr.v18:2},
 acmid = {1133107},
 publisher = {John Wiley \& Sons, Inc.},
 address = {New York, NY, USA},
 keywords = {API evolution, backwards compatibility, component reuse, frameworks, libraries, refactoring},
}
