@book{lee2013introduction,
  title={Introduction to Smooth Manifolds},
  author={Lee, J.M.},
  isbn={9780387217529},
  lccn={2002070454},
  series={Graduate Texts in Mathematics},
  url={https://books.google.de/books?id=w4bhBwAAQBAJ},
  year={2013},
  publisher={Springer New York}
}
