@online{Jepsen_Introduction,
  title={Jepsen},
  titleaddon={On the perils of network partitions},
  year={2013},
  month={5},
  author={Kyle Kingsbury},
  url={https://aphyr.com/posts/281-jepsen-on-the-perils-of-network-partitions},
}
