@online{MongoDB_on_Jepsen,
  title={Jepsen Tests on MongoDB},
  year={2016},
  month={11},
  author={Kyle Kingsbury},
  url={https://aphyr.com/tags/MongoDB},
}
