@online{MongoDB_Architecture,
  title={MongoDB Architecture},
  year={2016},
  month={11},
  author={MongoDB, Inc.},
  url={https://www.mongodb.com/mongodb-architecture},
}
