@online{old_postgres,
  title={THE DESIGN OF POSTGRES},
  year={1986},
  author={Michael Stonebraker and Lawrence A. Rowe},
  url={http://db.cs.berkeley.edu/papers/ERL-M85-95.pdf},
}
