@online{OpenStack_Intro,
  title={What is OpenStack?},
  year={2016},
  month={11},
  organization={OpenStack Foundation},
  author={OpenStack Foundation},
  url={https://www.openstack.org/software/},
}
