@online{OpenStack_Telemetry,
  title={Introduction to Openstack Telemetry},
  year={2016},
  month={11},
  organization={OpenStack Foundation},
  author={OpenStack Foundation},
  url={https://wiki.openstack.org/wiki/Telemetry},
}
