@article{OpenStack_CERN,
  author={T Bell and B Bompastor and S Bukowiec and J Castro Leon and M K Denis and J van Eldik and M Fermin Lobo and L Fernandez Alvarez and D Fernandez Rodriguez and A Marino and B Moreira and B Noel and T Oulevey and W Takase and A Wiebalck and S Zilli},
  title={Scaling the CERN OpenStack cloud},
  journal={Journal of Physics: Conference Series},
  volume={664},
  number={2},
  pages={022003},
  url={http://stacks.iop.org/1742-6596/664/i=2/a=022003},
  year={2015},
  abstract={CERN has been running a production OpenStack cloud since July 2013 to support physics computing and infrastructure services for the site. In the past year, CERN Cloud Infrastructure has seen a constant increase in nodes, virtual machines, users and projects. This paper will present what has been done in order to make the CERN cloud infrastructure scale out.}
}
	
