@thesis{HorgasAnalyse,
  title={Bachelorarbeit - Performance-Analyse von Apache Spark und Apache Hadoop},
  author={Horgas, Tim},
  url={http://edoc.sub.uni-hamburg.de/haw/volltexte/2015/3125/pdf/BA_Horgas.pdf},
  year={2015},
  institution={Hochschule f√ºr Angewandte Wissenschaften Hamburg},
  month={9}
}
