@book{petersohn2011vergleich,
  title={Vergleich und Evaluation zwischen modernen und traditionellen Datenbankkonzepten unter den Gesichtspunkten Skalierung, Abfragem√∂glichkeit und Konsistenz},
  author={Petersohn, N.},
  isbn={9783842856790},
  url={https://books.google.de/books?id=6-M_eVneQxYC},
  year={2011},
  publisher={Bod Third Party Titles},
  month={5}
}
