@online{pgpool,
  title={What is Pgpool-II?},
  author={Pgpool-II Development Group},
  year={2016},
  month={11},
  url={http://www.pgpool.net/mediawiki/index.php/Main_Page#What_is_Pgpool-II.3F},
}
