@online{postgres-xc,
  year={2016},
  month={11},
  title={Introduction to Postgres-XC},
  author={Postgres-XC Development Group},
  url={https://wiki.postgresql.org/wiki/Postgres-XC},
}
