@online{postgres_license,
  title={PostgreSQL License},
  year={2016},
  author={PostgreSQL Global Development Group},
  month={11},
  url={https://www.postgresql.org/about/licence/},
}
