@online{postgres_wiki,
  url={https://wiki.postgresql.org/wiki/Main_Page},
  year={2016},
  month={11},
  author={PostgreSQL Global Development Group},
  title={The PostgreSQL Wiki},
}
