@online{postgres_tutorial,
  author={Collection for Postgres developers and administrators},
  year={2016},
  month={11},
  title={The PostgreSQL Tutorial},
  url={http://www.postgresqltutorial.com/},
}
