@report{ProjektHadoop,
  title={Hadoop/Hive-Benchmarks},
  titleaddon={Projektbericht im Rahmen des Projekts „Parallelrechnerevaluation“ im Wintersemester 2013/2014},
  author={Daniel Pajonzeck{,} Stephan Succo},
  url={https://wr.informatik.uni-hamburg.de/_media/research/labs/2014/2014-04-daniel_pajonzeck_stephan_succo-hadoop_hive_benchmarks-report.pdf},
  year={2014},
  institution={Universität Hamburg},
  month={4}
}
