@techreport{RFC7159,
  author = {T. Bray},
  title = {The JavaScript Object Notation (JSON) Data Interchange Format},
  howpublished = {Internet Requests for Comments},
  type = {RFC},
  number = {7159},
  year = {2014},
  month = {3},
  issn = {2070-1721},
  publisher = {RFC Editor},
  institution = {RFC Editor},
  url = {http://www.rfc-editor.org/rfc/rfc7159.txt},
  note = {\url{http://www.rfc-editor.org/rfc/rfc7159.txt}},
}
