@report{SchröderGlossar,
  title={Systemprogrammierung - Grundlage von Betriebssystemen},
  titleaddon={Sachwortverzeichnis},
  author={Schröder-Preikschat, Wolfgang},
  url={https://www4.cs.fau.de/Lehre/SS16/V_SP1/Vorlesung/Folien/SP1-072-Glossar.pdf},
  year={2016},
  institution={Friedrich-Alexander-Universität Erlangen-Nürnberg},
  month={10}
}
