@online{What_is_MongoDB,
  title={What is MongoDB?},
  titleaddon={How does MongoDB work?},
  year={2016},
  month={11},
  author={MongoDB, Inc.},
  url={https://www.mongodb.com/what-is-mongodb},
}
