@book{kaiser2008c,
  title={C/C++: Von den Grundlagen zur professionellen Programmierung},
  author={Kaiser, U. and Kecher, C.},
  isbn={9783898428392},
  series={Galileo Computing},
  url={https://books.google.de/books?id=ge92PQAACAAJ},
  year={2008},
  publisher={Galileo Press}
}
@book{teorey2011database,
  title={Database Modeling and Design: Logical Design},
  author={Teorey, T.J. and Lightstone, S. and Nadeau, T. and Jagadish, H.V.},
  isbn={9780123820204},
  lccn={2010049921},
  series={Morgan Kaufmann series in data management systems},
  url={https://books.google.de/books?id=Kd7r2D4hkGUC},
  year={2011},
  publisher={Morgan Kaufmann},
  month={2}
}
@online{db_ranking,
  title={DB-Engines Ranking of Relational DBMS},
  url={http://db-engines.com/en/ranking/relational+dbms},
  year={2016},
  month={11},
  author={solidIT consulting \& software development gmbh}
}
@online{Dokumentenorientierte_Datenbank,
  title={Dokumentenorientierte Datenbank},
  year={2016},
  month={11},
  organization={Technische Hochschule Köln, Campus Gummersbach},
  url={http://lwibs01.gm.fh-koeln.de/wikis/wiki_db/index.php?n=Datenbanken.DokumentenorientierteDatenbank},
}
@online{scrum_talk,
  title={Fragile development},
  titleaddon={Why Scrum sucks, and what you should be doing instead},
  year={2016},
  month={8},
  organization={Free and Open Source Software Conference (FrOSCon) e.V.},
  author={Florian Haas},
  url={https://media.ccc.de/v/froscon2016-1722-fragile_development},
}
@book{sumathi2007fundamentals,
  title={Fundamentals of Relational Database Management Systems},
  author={Sumathi, S. and Esakkirajan, S.},
  isbn={9783540483977},
  lccn={2006935984},
  series={Studies in Computational Intelligence},
  url={https://books.google.de/books?id=RjnNA0GW0wsC},
  year={2007},
  publisher={Springer Berlin Heidelberg}
}
@online{Hadoop_related_projects,
  title={Welcome to Apache Hadoop!},
  year={2016},
  month={12},
  organization={Apache Forrest},
  author={Apache Forrest},
  url={http://hadoop.apache.org/},
}
% http://dig.cs.illinois.edu/papers/JSME_API_Evolution.pdf
@article{HowDoAPIsEvolve,
 author = {Dig, Danny and Johnson, Ralph},
 title = {How Do APIs Evolve\&Quest; A Story of Refactoring: Research Articles},
 journal = {J. Softw. Maint. Evol.},
 issue_date = {March 2006},
 volume = {18},
 number = {2},
 month = mar,
 year = {2006},
 issn = {1532-060X},
 pages = {83--107},
 numpages = {25},
 url = {http://dx.doi.org/10.1002/smr.v18:2},
 doi = {10.1002/smr.v18:2},
 acmid = {1133107},
 publisher = {John Wiley \& Sons, Inc.},
 address = {New York, NY, USA},
 keywords = {API evolution, backwards compatibility, component reuse, frameworks, libraries, refactoring},
}
@online{Jepsen_Introduction,
  title={Jepsen},
  titleaddon={On the perils of network partitions},
  year={2013},
  month={5},
  author={Kyle Kingsbury},
  url={https://aphyr.com/posts/281-jepsen-on-the-perils-of-network-partitions},
}
@online{MongoDB_Architecture,
  title={MongoDB Architecture},
  year={2016},
  month={11},
  author={MongoDB, Inc.},
  url={https://www.mongodb.com/mongodb-architecture},
}
@online{MongoDB_on_Jepsen,
  title={Jepsen Tests on MongoDB},
  year={2016},
  month={11},
  author={Kyle Kingsbury},
  url={https://aphyr.com/tags/MongoDB},
}
@online{old_postgres,
  title={THE DESIGN OF POSTGRES},
  year={1986},
  author={Michael Stonebraker and Lawrence A. Rowe},
  url={http://db.cs.berkeley.edu/papers/ERL-M85-95.pdf},
}
@article{OpenStack_CERN,
  author={T Bell and B Bompastor and S Bukowiec and J Castro Leon and M K Denis and J van Eldik and M Fermin Lobo and L Fernandez Alvarez and D Fernandez Rodriguez and A Marino and B Moreira and B Noel and T Oulevey and W Takase and A Wiebalck and S Zilli},
  title={Scaling the CERN OpenStack cloud},
  journal={Journal of Physics: Conference Series},
  volume={664},
  number={2},
  pages={022003},
  url={http://stacks.iop.org/1742-6596/664/i=2/a=022003},
  year={2015},
  abstract={CERN has been running a production OpenStack cloud since July 2013 to support physics computing and infrastructure services for the site. In the past year, CERN Cloud Infrastructure has seen a constant increase in nodes, virtual machines, users and projects. This paper will present what has been done in order to make the CERN cloud infrastructure scale out.}
}

@online{OpenStack_Intro,
  title={What is OpenStack?},
  year={2016},
  month={11},
  organization={OpenStack Foundation},
  author={OpenStack Foundation},
  url={https://www.openstack.org/software/},
}
@online{OpenStack_Telemetry,
  title={Introduction to Openstack Telemetry},
  year={2016},
  month={11},
  organization={OpenStack Foundation},
  author={OpenStack Foundation},
  url={https://wiki.openstack.org/wiki/Telemetry},
}
@thesis{HorgasAnalyse,
  title={Bachelorarbeit - Performance-Analyse von Apache Spark und Apache Hadoop},
  author={Horgas, Tim},
  url={http://edoc.sub.uni-hamburg.de/haw/volltexte/2015/3125/pdf/BA_Horgas.pdf},
  year={2015},
  institution={Hochschule für Angewandte Wissenschaften Hamburg},
  month={9}
}
@book{petersohn2011vergleich,
  title={Vergleich und Evaluation zwischen modernen und traditionellen Datenbankkonzepten unter den Gesichtspunkten Skalierung, Abfragemöglichkeit und Konsistenz},
  author={Petersohn, N.},
  isbn={9783842856790},
  url={https://books.google.de/books?id=6-M_eVneQxYC},
  year={2011},
  publisher={Bod Third Party Titles},
  month={5}
}
@online{pgpool,
  title={What is Pgpool-II?},
  author={Pgpool-II Development Group},
  year={2016},
  month={11},
  url={http://www.pgpool.net/mediawiki/index.php/Main_Page#What_is_Pgpool-II.3F},
}
@online{postgres_license,
  title={PostgreSQL License},
  year={2016},
  author={PostgreSQL Global Development Group},
  month={11},
  url={https://www.postgresql.org/about/licence/},
}
@online{postgres_tutorial,
  author={Collection for Postgres developers and administrators},
  year={2016},
  month={11},
  title={The PostgreSQL Tutorial},
  url={http://www.postgresqltutorial.com/},
}
@online{postgres_wiki,
  url={https://wiki.postgresql.org/wiki/Main_Page},
  year={2016},
  month={11},
  author={PostgreSQL Global Development Group},
  title={The PostgreSQL Wiki},
}
@online{postgres-xc,
  year={2016},
  month={11},
  title={Introduction to Postgres-XC},
  author={Postgres-XC Development Group},
  url={https://wiki.postgresql.org/wiki/Postgres-XC},
}
@report{ProjektHadoop,
  title={Hadoop/Hive-Benchmarks},
  titleaddon={Projektbericht im Rahmen des Projekts „Parallelrechnerevaluation“ im Wintersemester 2013/2014},
  author={Daniel Pajonzeck{,} Stephan Succo},
  url={https://wr.informatik.uni-hamburg.de/_media/research/labs/2014/2014-04-daniel_pajonzeck_stephan_succo-hadoop_hive_benchmarks-report.pdf},
  year={2014},
  institution={Universität Hamburg},
  month={4}
}
@techreport{RFC7159,
  author = {T. Bray},
  title = {The JavaScript Object Notation (JSON) Data Interchange Format},
  howpublished = {Internet Requests for Comments},
  type = {RFC},
  number = {7159},
  year = {2014},
  month = {3},
  issn = {2070-1721},
  publisher = {RFC Editor},
  institution = {RFC Editor},
  url = {http://www.rfc-editor.org/rfc/rfc7159.txt},
  note = {\url{http://www.rfc-editor.org/rfc/rfc7159.txt}},
}
@report{SchröderGlossar,
  title={Systemprogrammierung - Grundlage von Betriebssystemen},
  titleaddon={Sachwortverzeichnis},
  author={Schröder-Preikschat, Wolfgang},
  url={https://www4.cs.fau.de/Lehre/SS16/V_SP1/Vorlesung/Folien/SP1-072-Glossar.pdf},
  year={2016},
  institution={Friedrich-Alexander-Universität Erlangen-Nürnberg},
  month={10}
}
@online{What_is_MongoDB,
  title={What is MongoDB?},
  titleaddon={How does MongoDB work?},
  year={2016},
  month={11},
  author={MongoDB, Inc.},
  url={https://www.mongodb.com/what-is-mongodb},
}
@book{fielding2000architectural,
  title={Architectural Styles and the Design of Network-based Software Architectures},
  author={Fielding, R.T.},
  url={https://books.google.de/books?id=1xN9NwAACAAJ},
  year={2000},
  publisher={University of California, Irvine}
}
@online{es_release,
  title={First Elasticsearch Release v0.4.0},
  year={2010},
  month={02},
  author={Elasticsearch BV},
  url={https://github.com/elastic/elasticsearch/releases?after=v0.11.0},
}
@online{lucene_features,
  title={Lucene Feature},
  titleaddon={Lucene offers powerful features through a simple API},
  year={2016},
  month={11},
  author={Apache Software Foundation},
  url={http://lucene.apache.org/core/features.html},
}
@online{jepsen_elastic,
  title={Jepsen on Elasticsearch},
  year={2015},
  month={04},
  author={Kyle Kingsbury},
  url={https://aphyr.com/posts/323-jepsen-elasticsearch-1-5-0},
}
@online{es_jepsen_all,
  title={Jepsen on Elasticsearch},
  year={2015},
  month={04},
  author={Kyle Kingsbury},
  url={https://aphyr.com/tags/elasticsearch},
}
@online{es_jepsen_iso,
  title={Jepsen on Elasticsearch},
  year={2015},
  month={05},
  author={Kyle Kingsbury},
  url={https://github.com/jepsen-io/jepsen/blob/ecab97547123a0c88bb39ddd3ba3db873dccf251/elasticsearch/src/elasticsearch/core.clj#L414-L431},
}
@online{es_jepsen_pause,
  title={Jepsen on Elasticsearch},
  year={2015},
  month={05},
  author={Kyle Kingsbury},
  url={https://github.com/jepsen-io/jepsen/blob/ecab97547123a0c88bb39ddd3ba3db873dccf251/elasticsearch/src/elasticsearch/core.clj#L433-L451},
}
@online{es_concepts,
  title={Elasticsearch Reference Guide},
  titleaddon={Basic Concepts},
  year={2016},
  month={11},
  author={Elasticsearch BV},
  url={https://www.elastic.co/guide/en/elasticsearch/reference/5.x/_basic_concepts.html},
}
@online{es_resiliency,
  title={Elasticsearch Resiliency Status},
  year={2016},
  month={11},
  author={Elasticsearch BV},
  url={https://www.elastic.co/guide/en/elasticsearch/resiliency/current/index.html},
}
@online{coreutils,
  title={Coreutils - GNU core utilities},
  titleaddon={An Introduction to Coreutils},
  year={2016},
  month={04},
  author={Free Software Foundation, Inc.},
  url={https://www.gnu.org/software/coreutils/coreutils.html},
}
@online{procps,
  title={procps},
  year={2016},
  month={07},
  author={procps working group},
  url={https://gitlab.com/procps-ng/procps/blob/ecff2213bd480c87e209147ee8779ac6baec20ae/README.md},
}
@techreport{RFC4180,
  author = {Y. Shafranovich},
  title = {Common Format and MIME Type for Comma-Separated Values (CSV) Files},
  howpublished = {Internet Requests for Comments},
  type = {RFC},
  number = {4180},
  year = {2005},
  month = {10},
  issn = {2070-1721},
  publisher = {RFC Editor},
  institution = {RFC Editor},
  url = {http://www.rfc-editor.org/rfc/rfc4180.txt},
  note = {\url{http://www.rfc-editor.org/rfc/rfc4180.txt}},
}
@online{atop,
  title={atop},
  year={2016},
  month={05},
  author={Gerlof Langeveld},
  url={http://www.atoptool.nl/allnews.php},
}
@online{collectd,
  title={collectd},
  year={2016},
  month={12},
  author={Florian Forster},
  url={https://collectd.org/},
}
@online{collectd_plugins,
  title={List of collectd Plugins},
  year={2016},
  month={01},
  author={collectd working group},
  url={https://collectd.org/wiki/index.php?title=Table_of_Plugins&oldid=4464},
}
@online{collectd_virt_plugins,
  title={The Virt Plugin},
  year={2015},
  month={05},
  author={collectd working group},
  url={https://collectd.org/wiki/index.php?title=Plugin:virt&oldid=4417},
}
@online{zabbix_virt_plugins,
  title={The Virt Plugin},
  year={2015},
  month={02},
  author={William Leemans},
  url={https://share.zabbix.com/virtualization/kvm/kvm-monitoring},
}
@online{zabbix_architecture,
  title={The Virt Plugin},
  year={2016},
  month={02},
  author={Zabbix LLC},
  url={https://www.zabbix.com/documentation/3.2/manual/introduction/overview},
}
@online{python-diamond,
  title={Introduction to python-diamond},
  year={2017},
  month={01},
  author={diamond working group},
  url={https://github.com/python-diamond/Diamond},
}
@online{systat_releases,
  title={Introduction to sysstat software collection},
  year={2016},
  month={12},
  author={Sebastien Godard},
  url={http://sebastien.godard.pagesperso-orange.fr/download.html},
}
@online{sysstat_features,
  title={Introduction to sysstat software collection},
  year={2016},
  month={12},
  author={Sebastien Godard},
  url={http://sebastien.godard.pagesperso-orange.fr/features.html#main_features},
}
@online{xml_definition,
  title={Extensible Markup Language (XML) 1.0 (Fifth Edition)},
  year={2008},
  month={11},
  author={Tim Bray and Jean Paoli and C. M. Sperberg-McQueen and Eve Maler and François Yergeau},
  url={https://www.w3.org/TR/2008/REC-xml-20081126/},
}
@online{logstash_overview,
  title={Logstash - Centralize, Transform and Stash Your Data},
  year={2016},
  month={12},
  author={Elasticsearch BV},
  url={https://www.elastic.co/products/logstash},
}
@online{riemann_concepts,
  title={Introduction to the concepts of Riemann},
  year={2017},
  month={01},
  author={Kyle Kingsbury},
  url={http://riemann.io/concepts.html},
}
@online{semver,
  title={Semantic Versioning 2.0.0},
  year={2013},
  month={06},
  author={Tom Preston-Werner},
  url={http://semver.org/spec/v2.0.0.html},
}
@book{brechner2015agile,
  title={Agile Project Management with Kanban},
  author={Brechner, E. and Waletzky, J.},
  isbn={9780735698963},
  url={https://books.google.de/books?id=97FtrgEACAAJ},
  year={2015},
  publisher={Microsoft Press}
}
@online{grafana,
  title={Grafana Documentation Site},
  year={2016},
  month={12},
  organization={Torkel Ödegaard \& Raintank Inc},
  author={Torkel Ödegaard},
  url={http://docs.grafana.org},
}
@online{graphite,
  title={Graphite Documentation},
  year={2016},
  month={12},
  organization={The Graphite Project},
  author={Chris Davis},
  url={http://graphite.readthedocs.io/en/latest/},
}
@online{zabbix-frontend,
  title={The Enterprise-class Monitoring Solution for Everyone},
  year={2016},
  month={12},
  organization={Zabbix LLC},
  author={Zabbix SIA},
  url={https://zabbix.com},
}
@online{datadog,
  title={Modern monitoring \& analytics},
  year={2016},
  month={12},
  organization={Datadog, Inc.},
  url={https://datadoghq.com},
}
@online{gridster-d3,
  title={Trysts with Technology},
  year={2016},
  month={12},
  author={Anmol Koul},
  url={https://anmolkoul.wordpress.com},
}
@online{netdata,
  title={Grafana Documentation Site},
  year={2016},
  month={12},
  organization={Netdata},
  author={Costa Tsaousis},
  url={https://my-netdata.io},
}
@online{logstash-rabbitmq,
  title={RabbitMQ Plugin for Logstash},
  year={2017},
  month={01},
  author={Elasticsearch BV},
  url={https://www.elastic.co/guide/en/logstash/current/plugins-inputs-rabbitmq.html},
}
@online{logstash-jdbc,
  title={JDBC Plugin for Logstash},
  year={2016},
  month={12},
  author={Karl Southern},
  url={https://github.com/theangryangel/logstash-output-jdbc/tree/v5.1.0},
}
@online{jruby,
  title={jruby},
  year={2016},
  month={12},
  author={JRuby Development Team},
  url={http://jruby.org/},
}
@online{postgres-jdbc,
  title={Postgres JDBC Driver},
  year={2016},
  month={12},
  author={PostgreSQL Global Development Group},
  url={https://jdbc.postgresql.org/download.html},
}
